@article{mccabe1976complexity,
  title={A complexity measure},
  author={McCabe, Thomas J},
  journal={IEEE Transactions on Software Engineering},
  volume={SE-2},
  number={4},
  pages={308--320},
  year={1976},
  publisher={IEEE}
}

@article{odeh2023measuring,
  title={Measuring Cyclomatic Complexity of Source Code Using Machine Learning},
  author={Odeh, Ayman Hussein and Odeh, Muna and Odeh, Hassan},
  journal={International Journal of Intelligent Engineering and Systems},
  volume={14},
  number={1},
  pages={23--33},
  year={2023},
  publisher={IIETA}
}

@article{scalabrino2019from,
  title={From Code Complexity Metrics to Program Comprehension},
  author={Scalabrino, Simone and Oliveto, Rocco y Bavota, Gabriele},
  journal={Communications of the ACM},
  volume={62},
  number={5},
  pages={91--99},
  year={2019},
  publisher={ACM}
}

@article{monteiro2019measuring,
  title={Measuring code maintainability with deep neural networks},
  author={Monteiro, Sylvain y Sokolovas, Evaldas},
  journal={Software Quality Journal},
  volume={27},
  number={4},
  pages={1235--1250},
  year={2019},
  publisher={Springer}
}

@inproceedings{liu2018evaluate,
  title={Evaluate how cyclomatic complexity changes in the context of software evolution},
  author={Liu, Hui y Gong, Xue y Liao, Liang y Li, Bing},
  booktitle={IEEE 42nd Annual Computer Software and Applications Conference (COMPSAC)},
  pages={756--761},
  year={2018},
  organization={IEEE}
}

@article{peitek2020empirical,
  title={An Empirical Validation of Cognitive Complexity as a Measure of Source Code Understandability},
  author={Peitek, Nicolas y otros},
  journal={arXiv preprint arXiv:2007.12520},
  year={2020}
}

@misc{visualstudio2024,
  title={Code metrics - Cyclomatic complexity},
  author={Visual Studio},
  year={2024},
  note={https://learn.microsoft.com/en-us/visualstudio/code-quality/code-metrics-cyclomatic-complexity?view=vs-2022}
}

@misc{matlab2024,
  title={Measure Code Complexity Using Cyclomatic Complexity},
  author={MATLAB \& Simulink},
  year={2024},
  note={https://www.mathworks.com/help/matlab/matlab_prog/measure-code-complexity-using-cyclomatic-complexity.html}
}

@misc{omni2024,
  title={Cyclomatic Complexity Calculator},
  author={Omni Calculator},
  year={2024},
  note={https://www.omnicalculator.com/math/cyclomatic-complexity}
}

@misc{sonarqube2024,
  title={SonarQube},
  author={SonarQube},
  year={2024},
  note={https://www.sonarqube.org/}
}
