@book{gorton2011essential,
  title={Essential Software Architecture},
  author={Gorton, Ian},
  year={2011},
  edition={2nd},
  publisher={Springer}
}

@book{jones2011economics,
  title={The Economics of Software Quality},
  author={Jones, Capers and Bonsignour, Olivier},
  year={2011},
  publisher={Addison-Wesley}
}

@article{scalability2019,
  title={Scalability analysis comparisons of cloud-based software services},
  journal={Journal of Cloud Computing},
  year={2019},
  url={https://journalofcloudcomputing.springeropen.com/articles/10.1186/s13677-019-0140-0}
}

@article{performance2019,
  title={Performance and scalability metrics for multi-cloud environments},
  journal={Journal of Systems and Software},
  year={2019},
  url={https://www.sciencedirect.com/science/article/pii/S0164121219301961}
}

@article{measuring2019,
  title={Measuring Software Delivery Performance Using the Four Key Metrics of DevOps},
  journal={Journal of Systems and Software},
  year={2019},
  url={https://link.springer.com/article/10.1007/s10664-019-09697-7}
}
